@article{HJMS02,
 author = {Henzinger, Thomas A. and Jhala, Ranjit and Majumdar, Rupak and Sutre, Gr{\'e}goire},
 title = {Lazy Abstraction},
 journal = {SIGPLAN Not.},
 issue_date = {Jan. 2002},
 volume = {37},
 number = {1},
 month = jan,
 year = {2002},
 pages = {58--70},
 numpages = {13},
 publisher = {ACM},
} 

@Inbook{McMillan2003,
author="McMillan, K. L.",
editor="Hunt, Warren A.
and Somenzi, Fabio",
title="Interpolation and SAT-Based Model Checking",
bookTitle="Computer Aided Verification: 15th International Conference, CAV 2003, Boulder, CO, USA, July 8-12, 2003. Proceedings",
year="2003",
publisher="Springer Berlin Heidelberg",
pages="1--13",
}

@article{ChandraKozenStockmeyer81,
 author = {Chandra, Ashok K. and Kozen, Dexter C. and Stockmeyer, Larry J.},
 title = {Alternation},
 journal = {J. ACM},
 volume = {28},
 number = {1},
 year = {1981},
 pages = {114--133},
 numpages = {20},
 publisher = {ACM},
} 

@inproceedings{LazicSchmitz14, 
  title={Non-elementary complexities for branching {VASS}, {MELL}, and extensions}, 
  DOI={10.1145/2603088.2603129}, 
  booktitle={CSL-LICS$\:$'14: Proc.\ of the Joint Meeting CSL-LICS}, 
  publisher={ACM}, 
  author={Lazic, Ranko and Schmitz, Sylvain}, 
  year={2014}
}

@Book{Minsky67,
author = {M. Minsky},
title  = {Computation: Finite and Infinite Machines},
year   = {1967},
publisher = {Prentice-Hall}
}

@inproceedings{HHK95,
 author = {Henzinger, M. R. and Henzinger, T. A. and Kopke, P. W.},
 title = {Computing Simulations on Finite and Infinite Graphs},
 booktitle = {Proceedings of the 36th Annual Symposium on Foundations of Computer Science},
 series = {FOCS '95},
 year = {1995},
 pages = {453--}
} 


@ARTICLE{abp,
    author= {A. Zbrzezny and A. Polrola},
    title = {SAT-Based Reachability Checking for Timed Automata with Discrete Data},
    journal = {Fundamenta Informaticae},
    year = {2007},
    volume = {79},
    pages = {1--15}
}

@incollection{abdulla,
year={2010},
booktitle={Proc. of TACAS'10},
volume={6015},
series={LNCS},
title={When Simulation Meets Antichains},
publisher={Springer},
author={Abdulla, P.A. and Chen, Y.-F. and Holik, L. and Mayr, R. and Vojnar, T.},
pages={158--174},
}

@ARTICLE{henzinger:RealTimeSystems,
    author = {T. A. Henzinger and X. Nicollin and J. Sifakis and S. Yovine},
    title = {Symbolic Model Checking for Real-time Systems},
    journal = {Information and Computation},
    year = {1992},
    volume = {111},
    pages = {394--406}
}
@inproceedings{mcmillan06,
  author    = {K. L. McMillan},
  title     = {Lazy Abstraction with Interpolants},
  booktitle = {Proc. of CAV'06},
  year      = {2006},
  series    = {LNCS},
  volume    = {4144},
  publisher = {Springer},
}

@inproceedings{lpar08,
  author    = {P. Habermehl and
               R. Iosif and
               T. Vojnar},
  title     = {A Logic of Singly Indexed Arrays},
  booktitle = {Proc. of LPAR'08},
  year      = {2008},
  series    = {LNCS},
  volume    = {5330},
  pages = {558--573}
}

@inproceedings{cav10,
  author    = {M. Bozga and
               R. Iosif and
               F. Konecn{\'{y}}},
  title     = {Fast Acceleration of Ultimately Periodic Relations},
  booktitle = {Proc. of CAV'10},
  year      = {2010},
  pages     = {227--242},
  volume    = {6174},
  series    = {LNCS}
}

@inproceedings{blast,
    author = "T. A. Henzinger and R. Jhala and R. Majumdar and G. Sutre",
    title = "{Software Verification with Blast}",
    booktitle = "Proc. of 10th SPIN Workshop",
    year = "2003",
    series = {LNCS},
    volume = 2648,
}

@inproceedings{habermehl-data,
  author    = {N. Decker and
               P. Habermehl and
               M. Leucker and
               D. Thoma},
  title     = {Ordered Navigation on Multi-attributed Data Words},
  booktitle = {Proc. of CONCUR'14},
  year      = {2014},
  pages     = {497--511},
  volume    = {8704},
  series = {LNCS},
}

@inproceedings{lia,
  author    = {P. Habermehl and
               R. Iosif and
               T. Vojnar},
  title     = {What Else Is Decidable about Integer Arrays?},
  booktitle = {Proc. of FOSSACS'08},
  year      = {2008},
  pages     = {474--489},
   series = {LNCS},
   volume    = {4962},
}

@article{Bojanczyk:2011:TLD,
 author = {Boja\'{n}czyk, M. and David, C. and Muscholl, A. and Schwentick, T. and Segoufin, L.},
 title = {Two-variable Logic on Data Words},
 journal = {ACM Trans. Comput. Logic},
 volume = {12},
 number = {4},
 year = {2011},
 issn = {1529-3785},
 pages = {27:1--27:26},
 address = {New York, NY, USA},
}

@article{craig,
  author    = {W. Craig},
  title     = {Three Uses of the Herbrand-Gentzen Theorem in Relating Model Theory
               and Proof Theory},
  journal   = {J. Symb. Log.},
  year      = {1957},
  volume    = {22},
  number    = {3},
  pages     = {269--285},
}

@PhDThesis{AmitThesis,
  author = {A.K. Dhar},
  title = {Algorithms For Model-Checking Flat Counter Systems},
  school = {Universit\'e Paris 7},
  year = {2014}
}

@inproceedings{smrcka,
  author    = {A. Smrcka and
               T. Vojnar},
  title     = {Verifying Parametrised Hardware Designs Via Counter Automata},
  booktitle = {{HVC}'07},
  pages     = {51--68},
  year      = {2007},
}

@inproceedings{ruemmer:2014,
  author    = {D. Felsing and
               S. Grebing and
               V. Klebanov and
               P. R{\"{u}}mmer and
               M. Ulbrich},
  title     = {Automating regression verification},
  booktitle = {Proc. of ASE'14},
  year      = {2014},
  publisher = {{ACM}},
}

@inproceedings{wei-ngan:2008,
  author    = {H. H. Nguyen and
               W.{-}N. Chin},
  title     = {Enhancing Program Verification with Lemmas},
  booktitle = {Proc. of CAV'08},
  year      = {2008},
  pages     = {355--369},
  volume    = {5123},
  series = {LNCS},
}
@inproceedings{Vardi:1986,
  author    = {M. Y. Vardi and
               P. Wolper},
  title     = {An Automata-Theoretic Approach to Automatic Program Verification (Preliminary
               Report)},
  booktitle = {Proc. of LICS'86},
  year      = {1986},
  pages     = {332--344},
}

@book{Khoussainov:2001,
 author = {Khoussainov, B. and Nerode, A.},
 title = {Automata Theory and Its Applications},
 year = {2001},
 isbn = {3764342072},
 publisher = {Birkhauser Boston},
}

@inproceedings{cav09,
  author    = {M. Bozga and
               P. Habermehl and
               R. Iosif and
               F. Konecn{\'{y}} and
               T. Vojnar},
  title     = {Automatic Verification of Integer Array Programs},
  booktitle = {Proc. of CAV'09},
  year      = {2009},
  pages     = {157--172},
  series = {LNCS},
  volume    = {5643},

}

@inproceedings{mathsat,
  author = {A. Cimatti and A. Griggio and B. Schaafsma and R. Sebastiani},
  title = {{The MathSAT5 SMT Solver}},
  booktitle = {Proc. of TACAS},
  year = {2013},
  volume = {7795},
  series = {LNCS},
}

@TECHREPORT{fribourg:timedAutomata,
    author = {L. Fribourg},
    title = {A Closed-Form Evaluation for Extended Timed Automata},
    institution = {CNRS et Ecole Normale Sup'erieure de Cachan},
    year = {1998}
}

@misc{ntslib,
 key = {NTS},
 title = "{Numerical Transition Systems Repository}",
 howpublished = {\url{http://http://nts.imag.fr/index.php/Flata}},
 year = {2012}
}

